@techreport{gimpel2010part,
  title={Part-of-speech tagging for twitter: Annotation, features, and experiments},
  author={Gimpel, K. and Schneider, N. and O'Connor, B. and Das, D. and Mills, D. and Eisenstein, J. and Heilman, M. and Yogatama, D. and Flanigan, J. and Smith, N.A.},
  year={2010},
  institution={DTIC Document}
},

@inproceedings{galley2009quadratic,
  title={Quadratic-time dependency parsing for machine translation},
  author={Galley, Michel and Manning, Christopher D},
  booktitle={Proceedings of the Joint Conference of the 47th Annual Meeting of the ACL and the 4th International Joint Conference on Natural Language Processing of the AFNLP: Volume 2-Volume 2},
  pages={773--781},
  year={2009},
  organization={Association for Computational Linguistics}
},

@inproceedings{klein2003accurate,
  title={Accurate unlexicalized parsing},
  author={Klein, Dan and Manning, Christopher D},
  booktitle={Proceedings of the 41st Annual Meeting on Association for Computational Linguistics-Volume 1},
  pages={423--430},
  year={2003},
  organization={Association for Computational Linguistics}
},

@inproceedings{chiang2005hierarchical,
  title={A hierarchical phrase-based model for statistical machine translation},
  author={Chiang, David},
  booktitle={Proceedings of the 43rd Annual Meeting on Association for Computational Linguistics},
  pages={263--270},
  year={2005},
  organization={Association for Computational Linguistics}
},

@inproceedings{mcdonald2005non,
  title={Non-projective dependency parsing using spanning tree algorithms},
  author={McDonald, Ryan and Pereira, Fernando and Ribarov, Kiril and Haji{\v{c}}, Jan},
  booktitle={Proceedings of the conference on Human Language Technology and Empirical Methods in Natural Language Processing},
  pages={523--530},
  year={2005},
  organization={Association for Computational Linguistics}
},

@inproceedings{chang2008optimizing,
  title={Optimizing Chinese word segmentation for machine translation performance},
  author={Chang, Pi-Chuan and Galley, Michel and Manning, Christopher D},
  booktitle={Proceedings of the Third Workshop on Statistical Machine Translation},
  pages={224--232},
  year={2008}
},